<?xml version="1.0" encoding="UTF-8"?><collection xmlns="http://www.loc.gov/MARC21/slim"><record><leader>00431nam--2200133-i-4500</leader><controlfield tag="001">000009777</controlfield><controlfield tag="002">20161230</controlfield><controlfield tag="005">20170113002328</controlfield><controlfield tag="008">060222s1000------------r-----000-0-eng-d</controlfield><datafield ind1=" " ind2=" " tag="245"><subfield code="a">Comptes rendus. Conference Internationale sur les proprietes des etats nucxleaires. Montreal Canada, 25-30 aout, 1969</subfield></datafield><datafield ind1=" " ind2=" " tag="260"><subfield code="a">Montreal</subfield><subfield code="b">Les Presses De L`Universite</subfield><subfield code="c">1969</subfield></datafield><datafield ind1=" " ind2=" " tag="300"><subfield code="a">XXI + 811 p</subfield></datafield><datafield ind1=" " ind2=" " tag="852"><subfield code="a">35374</subfield></datafield><datafield ind1=" " ind2=" " tag="CAT"><subfield code="a">SYS</subfield><subfield code="c">20170113</subfield><subfield code="h">002328</subfield></datafield></record></collection>